<record><leader>00000cas a22000007a 4500</leader><controlfield tag="001">11741442</controlfield><controlfield tag="008">850227d18651884mnuwr ne      0    0eng d</controlfield><datafield ind1=" " ind2=" " tag="010"><subfield code="a">sn 85025440 </subfield></datafield><datafield ind1=" " ind2=" " tag="040"><subfield code="a">NPX</subfield><subfield code="b">eng</subfield><subfield code="c">NPX</subfield><subfield code="d">NPU</subfield><subfield code="d">MN#</subfield><subfield code="d">OCLCQ</subfield><subfield code="d">OCLCF</subfield><subfield code="d">OCLCO</subfield></datafield><datafield ind1=" " ind2=" " tag="042"><subfield code="a">msc</subfield></datafield><datafield ind1=" " ind2=" " tag="043"><subfield code="a">n-us-mn</subfield></datafield><datafield ind1=" " ind2=" " tag="052"><subfield code="a">4144</subfield><subfield code="b">C15</subfield></datafield><datafield ind1=" " ind2=" " tag="052"><subfield code="a">4143</subfield><subfield code="b">H6</subfield></datafield><datafield ind1="0" ind2="4" tag="245"><subfield code="a">The Houston County journal.</subfield></datafield><datafield ind1=" " ind2=" " tag="260"><subfield code="a">Caledonia, Minn. :</subfield><subfield code="b">O.G. Wall</subfield></datafield><datafield ind1=" " ind2=" " tag="300"><subfield code="a">v.</subfield></datafield><datafield ind1=" " ind2=" " tag="310"><subfield code="a">Weekly</subfield></datafield><datafield ind1="1" ind2=" " tag="362"><subfield code="a">Began in Nov. 1865; ceased in 1884?</subfield></datafield><datafield ind1=" " ind2=" " tag="588"><subfield code="a">Description based on: Vol. 8, no. 21 (Apr. 8, 1873).</subfield></datafield><datafield ind1=" " ind2="0" tag="651"><subfield code="a">Caledonia (Minn.)</subfield><subfield code="v">Newspapers.</subfield></datafield><datafield ind1=" " ind2="7" tag="655"><subfield code="a">Newspapers.</subfield><subfield code="2">fast</subfield><subfield code="0">(OCoLC)fst01423814</subfield></datafield><datafield ind1=" " ind2="7" tag="651"><subfield code="a">Minnesota</subfield><subfield code="z">Caledonia.</subfield><subfield code="2">fast</subfield><subfield code="0">(OCoLC)fst01223699</subfield></datafield><datafield ind1=" " ind2=" " tag="752"><subfield code="a">United States</subfield><subfield code="b">Minnesota</subfield><subfield code="c">Houston</subfield><subfield code="d">Caledonia.</subfield></datafield><datafield ind1="0" ind2="0" tag="785"><subfield code="t">Caledonia journal</subfield><subfield code="w">(DLC)sn 91059044</subfield></datafield></record>